@conference{Willemsen2021a,
	Author = {S. Willemsen and S. Bilbao and M. Ducceschi and S. Serafin},
	Title = {Dynamic Grids for Finite-Difference Schemes in Musical Instrument Simulations},
	booktitle = {Proceedings of the 24th International Conference on Digital Audio Effects (DAFx20in21)},
	Year = {2021}
	}

@conference{Willemsen2021b,
	Author = {S. Willemsen and S. Bilbao and M. Ducceschi and S. Serafin},
	Title = {A Physical Model of the Trombone using Dynamic Grids for Finite-Difference Schemes},
	booktitle = {Proceedings of the 24th International Conference on Digital Audio Effects (DAFx20in21)},
	Year = {2021}
	}
	
@phdthesis{Willemsen2021Thesis, 
    author={S. Willemsen}, 
    title={The Emulated Ensemble: Real-Time Simulation of Musical Instruments using Finite-Difference Time-Domain Methods}, 
    school = {Aalborg University Copenhagen},
    year={2021},
    month={Jul.}
    }
    
@book{Bilbao2009,
	author = {S. Bilbao},
	title = {Numerical Sound Synthesis},
	edition = {},
	publisher = {John Wiley \& Sons},
	address = {},
	year = {2009}
    }
    
@conference{Webb2015,
  author    = {Webb, C.J. and Bilbao, S.},
  booktitle = {Proceedings of the 18th International Conference on Digital Audio Effects (DAFx)},
  title     = {On the limits of real-time physical modelling synthesis with a modular environment},
  year      = {2015}
}

@conference{Bilbao2019,
  author          = {S. Bilbao and M. Ducceschi and C. Webb},
  title           = {Large-Scale Real-Time Modular Physical Modeling Sound Synthesis},
  booktitle       = {Proceedings of the 22th International  Conference on Digital Audio Effects (DAFx-19)},
  year            = {2019}
}

@conference{Willemsen2019,
    author = {S. Willemsen and N. Andersson and S. Serafin and S. Bilbao},
    booktitle = {Proceedings of the 16th Sound and Music Computing (SMC) Conference},
    title = {Real-Time Control of Large-Scale Modular Physical Models using the Sensel Morph},
    pages = {275--280},
    year = {2019}
}

@phdthesis{Hamilton2016,
  author = {Brian Hamilton},
  title  = {Finite Difference and Finite Volume Methods for Wave-based Modelling of Room Acoustics},
  school = {The University of Edinburgh},
  year   = {2016}
}

@book{Horn1991,
  author         = {R. A. Horn and C. R. Johnson},
  title          = {Topics in Matrix Analysis},
  publisher      = {Cambridge University Press},
  year           = {1991}
}

@book{Morse1968,
  author         = {P. Morse and U. Ingard.},
  title          = {Theoretical Acoustics},
  publisher      = {Princeton University Press},
  year           = {1968}
}

@conferene{Borin1989,
    author = {Borin, G. and De Poli, G. and Sarti, A.},
    booktitle = {Proceedings of the International Computer Music Conference},
    title = {A modular approach to excitator-resonator interaction in physical models syntheses},
    year = {1989}
    }
    
    
@article{morrison1993mosaic,
  title={Mosaic: A framework for modal synthesis},
  author={Morrison, J. D. and Adrien, J.-M.},
  journal={Computer Music Journal},
  volume={17},
  number={1},
  pages={45--56},
  year={1993}}
  
  
@article{Smith1992,
  title={Physical modeling using digital waveguides},
  author={Smith, J.O.},
  journal={Computer Music Journal},
  volume={16},
  number={4},
  pages={74--91},
  year={1992}
}

@conference{Mehes2016,
    author = {Mehes, S. and van Walstijn, M. and Stapleton, P.},
    booktitle = {Proceedings of the 13th Sound and Music Computing Conference (SMC)},
    title = {Towards a virtual-acoustic string instrument},
    year = {2016}
    }

    
@conference{Michon2014,
    author = {Michon, R. and Smith, J.O.},
    booktitle = {{Proceedings ICMC|SMC|2014}},
    title = {A Hybrid Guitar Physical Model Controller: The {BladeAxe}},
    year = {2014}
    }   

@conference{Hofmann2019,
	author = {Hofmann, Alex and Schmutzhard, Sebastian and P{\`a}mies-Vil{\`a}, Montserrat and Erdogan, G{\"o}kberk and Chatziioannou, Vasileios},
	title = {An opcode implementation of a finite difference viscothermal time-domain model of a tube resonator for wind instrument simulations},
	booktitle = {The Fifth International Csound Conference ICSC2019},
	year = {2019}}
	
@conference{Willemsen2017,
author = {S. Willemsen and S. Serafin and J. R. Jensen},
booktitle = {Proc. of the 14th Sound and Music Computing Conference},
title = {Virtual Analog Simulation and Extensions of Plate Reverberation},
Pages = {314--319},
year = {2017}
}

@misc{soundExamples,
    author = {{S. Willemsen}},
    title = {Sound Examples},
    url = {https://tinyurl.com/DynSoundEx},
    year = {accessed Dec. 20, 2021},
    }

    
@article{a_journal_paper_with_many_authors,
	Author = {T. Fujioka and C. Freigang and Kie Honjo and J. J. Chen and J. L. Chen and S. E. Black and D. T. Stuff and D. R. Dawson and B. Ross},
	Title = {Central Auditory Processing in Adults with Chronic Stroke Without Hearing Loss: A Magnetoencephalography Study},
	Journal = {Clin. Neurophysiol.},
	Volume = {131},
	Number = {5},
	Pages = {1102--1118},
	Year = {2020},
	Month = {May},
	note = {https://doi.org/10.1016/j.clinph.2020.01.014}}

@article{a_journal_paper_with_article_ID,
	Author = {S. Ntalampiras and I. Potamitis and N. Fakotakis},
	Title = {Exploiting Temporal Feature Integration for Generalized Sound Recognition},
	Journal = {EURASIP J. Adv. Signal Process.},
	Volume = {2009},
	Number = {1},
	Pages = {},
	Year = {2009},
	Month = {Dec.},
	eid = {807162},
	note = {https://doi.org/10.1155/2009/807162}}

A book. The publisher's address and the publication year need to be included in the "publisher" field together with the publisher's name. The first letter of all main words in the title must be capitalized.
@book{a_book_ref,
	author = {V. Pulkki and M. Karjalainen},
	title = {Communication Acoustics: An Introduction to Speech, Audio and Psychoacoustics},
	edition = {},
	publisher = {Wiley},
	address = {Chichester, UK},
	year = {2015}
    }

An example of a book that is not a first edition.
@book{a_book_ref_2nd_edition,
    author = {D. Oram},
    title = {An Individual Note of Music, Sound and Electronics},
    edition = {2},
    publisher = {Anomie Academic},
    address = {Swindon, UK},
    year = {2016}
    }


@book{a_book_ref_2,
	author = {A. Author and B. Bookwriter},
	title = {Dynamic Duos},
	edition = {},
	publisher = {Edda},
	address = {Reykjavik, Iceland},
	year = {1944}
    }
    
@book{a_book_ref_3,
	author = {A. Author and B. Bookwriter and C. Copyeditor},
	title = {Three of a Perfect Pair},
	edition = {},
	publisher = {University of Michigan Press},
	address = {Ann Arbor, Michigan},
	year = {2021}
    }

@book{a_book_ref_M,
	author = {A. Author and B. Bookwriter and others},
	title = {A Very Large Almanac},
	edition = {},
	publisher = {University of Toronto Press},
	address = {Toronto, Canada},
	year = {2112}
    }
    
@book{a_book_ref_N,
	author = {A. Author and others},
	title = {A Book With Lots of Authors},
	edition = {},
	publisher = {TU Vien Academic Press},
	address = {Vienna, Austria},
	year = {1987}
    }

A paper published in a conference/symposium/workshop proceedings. The first letter of all main words in the title must be capitalized. Use a three-letter abbreviation for the month, such as Sep. instead of Sept. 
@conference{a_conference_paper,
    author = {Sebastian J Schlecht and Emanu{\"e}l A.P. Habets},
    title = {Accurate Reverberation Time Control in Feedback Delay Networks},
    booktitle = "Proceedings of the International Conference on Digital Audio Effects (DAFx)",
    address = {Edinburgh, UK},
    pages = {337-344},
    month={Sep.},
    year={2017},
    publisher = {},
    }

A reference to a book chapter. 
@incollection{a_book_chapter,
    author = {V. V\"alim\"aki and S. Bilbao and J. O. Smith and J. S. Abel and J. Pakarinen and D. Berners},
    title = {Virtual Analog Effects},
    booktitle = "DAFX---Digital Audio Effects",
    edition = "2",
    editor = {U. Z\"olzer},
    address = {Chichester, UK},
    pages = {473-522},
    month={},
    year={2011},
    publisher = {John Wiley \& Sons},
    }

An AES Convention paper or another meeting or workshop paper without a Proceedings book. The first letter of all main words in the title must be capitalized. Paper number can be inserted in the note field after the word "paper". 
@convention{AES_convention_paper,
	author = {M. Gospodarek and A. Genovese and D. Dembeck and C. Brenner and A. Roginska and K. Perlin},
	booktitle = {147th Convention of the Audio Engineering Society},
	title = {Sound Design and Reproduction Techniques for Co-Located Narrative VR Experiences},
	year = {2019},
	month = {Oct.},
	address = {SOMEWHERE},
	note = {paper 10287},
	}

A doctoral thesis. The first letter of all main words in the title must be capitalized. 
@phdthesis{a_PhD_thesis, 
    author={P. D. L. G. Pestana}, 
    title={Automatic Mixing Systems Using Adaptive Digital Audio Effects}, 
    school = {Universidade Cat\'olica Portuguesa, Porto, Portugal},
    year={2013},
    month={Feb.},
    }
    
A Master's thesis. The first letter of all main words in the title must be capitalized.
@mastersthesis{an_MSc_thesis, 
    author={J. Holm}, 
    title={Applying the Finite Element Method for Modelling Loudspeaker Waveguide Directivity}, school = {Aalto University, Espoo, Finland},
    year={2010},
    month={May},
    }

A patent reference can be formatted using a misc entry type. The first letter of all main words in the title must be capitalized.
@misc{a_patent,
    author = {P. G. Craven and M. A. Gerzon},
    title = {Coincident Microphone Simulation Covering Three Dimensional Space and Yielding Various Directional Outputs},
    howpublished = {{US} Patent 4,042,779},
    year = {1977},
    month = {Aug.}
    }

A web page reference can be formatted using a misc entry type. Extra curly brackets may be used to avoid abbreviation of company name containing several words. The first letter of all main words in the title must be capitalized. The date accessed should be inserted in the year field together with the work "accessed". 
@misc{a_web_page,
    author = {{Audio Engineering Society}},
    title = {Journal Author Guidelines},
    howpublished = {https://www.aes.org/journal/authors/guidelines/},
    year = {accessed Mar. 9, 2021},
    }
